%%==================================================
%% chap1.bib for hhuthesis template
%% modified by caowenhan
%% version: 1.0.0
%% last update: July 19th, 2019
%%==================================================


@article{胡四一2008确保水库大坝安全意义重大任务艰巨,
  title={确保水库大坝安全意义重大任务艰巨},
  author={胡四一},
  journal={中国水利},
  volume={2008},
  number={20},
  pages={3-4},
  year={2008},
}

@article{武海荣2012混凝土冻融环境区划与抗冻性寿命预测,
  title={混凝土冻融环境区划与抗冻性寿命预测},
  author={武海荣 and 金伟良 and 延永东 and 夏晋},
  journal={浙江大学学报:工学版},
  number={4},
  pages={80-87},
  year={2012},
}

@article{Delft1991Simulation,
  title={Simulation of hydration and formation of structure in hardening cement-based materials},
  author={Delft University Press},
  journal={Ph.d Thesis Ed.tu Delft},
  volume={02},
  number={7},
  pages={516-519},
  year={1991},
}

@article{钱智炜2010水泥净浆微观结构断裂破坏过程的三维模拟,
  title={水泥净浆微观结构断裂破坏过程的三维模拟},
  author={钱智炜 and SCHLANGEN Erik and 叶光 and van BREUGEL Klaas},
  journal={硅酸盐学报},
  volume={038},
  number={009},
  pages={1658-1664},
  year={2010},
}






